@techreport{witkit97,
  author="Andrew Witkit and David Baraff",
  title="An Introduction to Physically Based Modeling",
  year="1997",
  institution="Carnegie Mellon University"
}

@article{hecker96,
  author="Chris Hecker",
  title="Physics, The Next Frontier",
  year="1997",
  month="October/November",
  journal="Game Developer"
}

@book{ericson,
  author="Christer Ericson",
  title="Real-Time Collision detection",
  year="2005"
}

